@book{Russell2003,
    title = {Artificial intelligence: a modern approach},
    author = {Russell, Stuart Jonathan and Norvig, Peter},
    volume = {2},
    year = {2003},
    publisher = {Prentice hall Upper Saddle River}
}

@book{Knuth1984,
    author = {Donald E. Knuth},
    title = {The {\LaTeX} Book},
    publisher = {Addison-Wesley},
    year = {1984},
    edition = {15th}
}

@book{Wazlawick2021,
    title={{Metodologia de Pesquisa para Ci{\^e}ncia da Computa{\c{c}}{\~a}o}},
    author={Wazlawick, Raul Sidnei},
    edition={3},
    year={2021},
    publisher={LTC}
}

@book{Marconi2021,
    title={Fundamentos de Metodologia Cient\'{i}fica},
    author={Marconi, Marina de Andrade and Lakatos, Eva Maria},
    year={2021},
    isbn={8597026561},
    edition={9},
    publisher={Atlas}
}

@book{Marconi2022,
    title={Metodologia Cient\'{i}fica},
    author={Marconi, Marina de Andrade and Lakatos, Eva Maria},
    edition={8},
    year={2022},
    isbn={6559770656},
    publisher={Atlas}
}

@article{Ramos2020,
    title={Compara{\c{c}}{\~a}o entre metodologias de gerenciamento de projetos {\'a}gil e tradicional: Um estudo de caso em uma Startup de pequena escala},
    author={Ramos, Gabriel Russo and Silva, Wiliam de Assis and Seleme, Robson and Marques, Marcos Augusto Mendes and Gressler, Fernando},
    journal={Brazilian Journal of Development},
    volume={6},
    number={3},
    pages={15025--15047},
    year={2020},
    doi={10.34117/bjdv6n3-396}
}

@article{Anunciacao2020,
    title={Gerenciamento de Projeto: Uma An{\'a}lise Comparativa entre PMBOK e SCRUM},
    author={Anuncia{\c{c}}{\~a}o, Matheus Cesar Andrade da and Adorno, Ana L{\'u}cia Carrijo and Ara{\'u}jo, Rhog{\'e}rio Correia de},
    journal={Revista Gestão, Inovação e Negócios},
    volume={6},
    number={2},
    pages={31--50},
    year={2020},
    doi={10.37951/2358-9868.2020v6i2.p31-50}
}

@book{PMBOK2021,
    title={{A Guide to the Project Management Body of Knowledge: PMBOK\textsuperscript{\textregistered} Guide}},
    author={{Project Management Institute}},
    edition={7},
    year={2021},
    isbn={1628256648},
    publisher={{Project Management Institute}}
}

@misc{SBC2024,
    author={{Sociedade Brasileira de Computação}},
    title={SBC Templates},
    year={2024},
    note={Disponível em: \url{https://www.sbc.org.br/documentosinstitucionais/#publicacoes}. Acesso em: 01 Out 2024}
}